<?xml version="1.0" encoding="UTF-8"?><collection xmlns="http://www.loc.gov/MARC21/slim"><record><leader>00400nam--2200145-i-4500</leader><controlfield tag="001">000001710</controlfield><controlfield tag="002">20161230</controlfield><controlfield tag="005">20161230201024</controlfield><controlfield tag="008">060222s1000------------r-----000-0-eng-d</controlfield><datafield ind1=" " ind2=" " tag="080"><subfield code="a">621.375.826:616-006.6</subfield></datafield><datafield ind1=" " ind2=" " tag="100"><subfield code="a">Goldman, Leon</subfield></datafield><datafield ind1=" " ind2=" " tag="245"><subfield code="a">Laser cancer research.with 42 figures</subfield></datafield><datafield ind1=" " ind2=" " tag="260"><subfield code="a">Berlin, Springer-verlag, 1966. Vi + 64 P</subfield></datafield><datafield ind1=" " ind2=" " tag="490"><subfield code="a">Recent Results In Cancer Research</subfield></datafield><datafield ind1=" " ind2=" " tag="852"><subfield code="a">36394</subfield></datafield></record></collection>